@comment{x-kbibtex-encoding=utf-8}

%         This file was created with JabRef 2.10.

@article{P6FAQ,
	author = {{Perl 6 Documentation}},
	howpublished = {Web},
	month = {19 Sept.},
	note = {I used this article to learn some basic information about Perl 6.},
	organization = {perl6.org},
	owner = {kyan},
	timestamp = {2017.09.20},
	title = {{FAQ}: Frequently Asked Questions about {Perl} 6: {\url{https://docs.perl6.org/language/faq}}},
	year = {2017}
}

@article{Holloway,
	author = {Ruth Holloway},
	howpublished = {Web},
	month = {23 Sept.},
	note = {This article provided a resource for learning about some of the things that distinguish and differentiate Perl 6 from other languages.},
	publisher = {opensource.com},
	title = {The must-have features for {Perl} 6: {\url{https://opensource.com/life/16/9/perl-6-features}}},
	year = {2016}
}

@article{Miller,
	author = {Evan Miller},
	howpublished = {Web},
	month = {13 Aug.},
	note = {This article discusses Perl 6's merits and weaknesses.},
	publisher = {Evanmiller.org},
	title = {A Review of {Perl} 6: {\url{https://www.evanmiller.org/a-review-of-perl-6.html}}},
	year = {2017}
}

@article{jnthnwrthngtn,
	author = {jnthnwrthngtn},
	howpublished = {Web},
	journal = {Perl 6 Advent Calendar},
	month = {2 Dec.},
	note = {Debugging grammars is hard out of the box.},
	title = {{Grammar}::{Tracer} and {Grammar}::{Debugger}: {\url{https://perl6advent.wordpress.com/2011/12/02/grammartracer-and-grammardebugger/}}},
	year = {2011}
}

@book{Lenz2017,
	address = {doi:10.1007/978-1-4842-2899-9},
	author = {Moritz Lenz},
	isbn = {978-1-4842-2899-9},
	location = {Fürth, Bayern, Germany},
	note = {This book provides a general introduction to Perl 6. It seems quite accessible to me.},
	title = {Perl 6 Fundamentals: A Primer with Examples, Projects, and Case Studies},
	year = {2017}
}

@article{Lenz2010,
	author = {Moritz Lenz},
	howpublished = {Web},
	month = {1 Sept.},
	note = {This is more information on debugging Perl 6 grammars.},
	publisher = {Perl Programming},
	title = {How To Debug a {Perl} 6 Grammar: {\url{https://perlgeek.de/en/article/debug-a-perl-6-grammar}}},
	year = {2010}
}

@article{Overflow,
	author = {{Stack Overflow}},
	howpublished = {Web},
	note = {A citation for the claim regarding floating points being a little odd.},
	title = {Floating point inaccuracy examples: {\url{https://stackoverflow.com/questions/2100490/floating-point-inaccuracy-examples}}},
	year = {2010–2013}
}

@article{News,
	author = {{Hacker News}},
	howpublished = {Web},
	month = {Nov.},
	note = {This is where I learned that Perl 6 Rationals aren't arbitrary-precision.},
	title = {Why hasn't {Perl} 6 taken off yet?: {\url{https://news.ycombinator.com/item?id=12888784}}},
	year = {2016}
}

@article{Documentation,
	author = {{Perl 6 Documentation}},
	howpublished = {Web},
	month = {19 Sept.},
	note = {The official Perl 6 documentation is very helpful for getting an understanding of the language.},
	title = {Perl 6 Documentation: {\url{https://docs.perl6.org/}}},
	year = {2017}
}

@article{Language,
	author = {{The Perl 6 Programming Language}},
	howpublished = {Web},
	note = {This home page for the Perl 6 language introduces it and its culture. Retrieved 20 Sept. 2017.},
	title = {The {Perl} 6 Programming Language: {\url{https://perl6.org/}}},
	year = {n.d.}
}

@article{RosenfeldDowney,
	author = {Laurent Rosenfeld and Allen B. Downey},
	note = {I used this book as a supplementary resource for getting an overview of Perl 6.},
	publisher = {O'Reilly Media, Inc.},
	title = {Think {Perl} 6},
	year = {2017}
}

@article{project,
	author = {{Perl 6 project}},
	howpublished = {Web},
	month = {31 May},
	note = {This is where I got information about how Perl 6 is implemented, and its portability.},
	title = {{NQP — Not Quite Perl (6): README.pod}: {\url{https://github.com/perl6/nqp}}},
	year = {2017}
}

@article{Documentation_2,
	author = {{Perl 6 Documentation}},
	howpublished = {Web},
	month = {19 Sept.},
	note = {This documentation page was one of my primary sources for getting an understanding of the scope and capabilities of grammars in Perl 6.},
	title = {Grammars: {\url{https://docs.perl6.org/language/grammars}}},
	year = {2017}
}

@article{Wikipedia,
	author = {Wikipedia},
	howpublished = {Web},
	note = {I used Wikipedia's article on Perl 6 as a way to find other articles and books to look at (as well as Fogler Library and Web search).},
	title = {Perl 6: {\url{https://en.wikipedia.org/wiki/Perl_6}}}
}

@article{New1,
	author = {{Rakudo organization on GitHub}},
	howpublished = {Web},
	title = {{Rakudo Star: star/modules at master}: {\url{https://github.com/rakudo/star/tree/master/modules}}},
	year = {2017}
}

